<?xml version="1.0" encoding="UTF-8"?><collection xmlns="http://www.loc.gov/MARC21/slim"><record><leader>00443nam--2200169-i-4500</leader><controlfield tag="001">000030482</controlfield><controlfield tag="002">20161230</controlfield><controlfield tag="005">20161230201038</controlfield><controlfield tag="008">060222s1000------------r-----000-0-eng-d</controlfield><datafield ind1=" " ind2=" " tag="040"><subfield code="a">IFIN-HH</subfield></datafield><datafield ind1=" " ind2=" " tag="080"><subfield code="a">537.226.2</subfield></datafield><datafield ind1="1" ind2=" " tag="100"><subfield code="a">Mcclellan, A.L</subfield></datafield><datafield ind1="1" ind2="0" tag="245"><subfield code="a">Tables of experimental dipole moments</subfield><subfield code="c">A.l. mcclellan</subfield></datafield><datafield ind1=" " ind2=" " tag="260"><subfield code="a">San Francisco</subfield><subfield code="b">W.H.Freeman &amp; Co</subfield><subfield code="c">1963</subfield></datafield><datafield ind1=" " ind2=" " tag="300"><subfield code="a">713P</subfield></datafield><datafield ind1=" " ind2=" " tag="852"><subfield code="a">15257</subfield><subfield code="c">53.081</subfield></datafield><datafield ind1=" " ind2=" " tag="CAT"><subfield code="a">Sys</subfield><subfield code="c">20151113</subfield><subfield code="h">120139</subfield></datafield></record></collection>